@inproceedings{ding2004k,
  title={K-means clustering via principal component analysis},
  author={Ding, Chris and He, Xiaofeng},
  booktitle={Proceedings of the twenty-first international conference on Machine learning},
  pages={29},
  year={2004},
  organization={ACM}
}

@article{albright2004taming,
  title={Taming Text with the SVD},
  author={Albright, Russ},
  journal={SAS Institute Inc., Cary, NC},
  year={2004}
}

@article{scikit-learn,
 title={Scikit-learn: Machine Learning in {P}ython},
 author={Pedregosa, F. and Varoquaux, G. and Gramfort, A. and Michel, V.
         and Thirion, B. and Grisel, O. and Blondel, M. and Prettenhofer, P.
         and Weiss, R. and Dubourg, V. and Vanderplas, J. and Passos, A. and
         Cournapeau, D. and Brucher, M. and Perrot, M. and Duchesnay, E.},
 journal={Journal of Machine Learning Research},
 volume={12},
 pages={2825--2830},
 year={2011}
}

@book{bird2009natural,
  title={Natural language processing with Python: analyzing text with the natural language toolkit},
  author={Bird, Steven and Klein, Ewan and Loper, Edward},
  year={2009},
  publisher={" O'Reilly Media, Inc."}
}

@misc{Scrapy,
  title = {{Scrapy} Build and run your Web Spiders},
  howpublished = {\url{https://scrapy.org/}},
  note = {Accessed: 2017-08-29}
}

@misc{ProgWeb,
  title = {ProgrammableWeb},
  howpublished = {\url{https://www.programmableweb.com/}},
  note = {Accessed: 2017-08-29}
}

@article{halkidi2002cluster,
  title={Cluster validity methods: part I},
  author={Halkidi, Maria and Batistakis, Yannis and Vazirgiannis, Michalis},
  journal={ACM Sigmod Record},
  volume={31},
  number={2},
  pages={40--45},
  year={2002},
  publisher={ACM}
}

@article{powers2011evaluation,
  title={Evaluation: from precision, recall and F-measure to ROC, informedness, markedness and correlation},
  author={Powers, David Martin},
  year={2011},
  publisher={Bioinfo Publications}
}

@misc{tmcnet,
  title = {tmcnet},
  howpublished = {\url{http://www.tmcnet.com/voip/features/articles/411284-apis-have-landed.htm}},
  note = {Accessed: 2017-08-29}
}

@misc{mulesoft,
  title = {MuleSoft},
  howpublished = {\url{https://www.mulesoft.com/resources/api/what-is-an-api-economy}},
  note = {Accessed: 2017-08-29}
}

@article{dojchinovskilinked,
  title={Linked Web APIs Dataset},
  author={Dojchinovski, Milan and Vitvar, Tomas},
  journal={Semantic Web},
  number={Preprint},
  pages={1--11},
  publisher={IOS Press}
}

@article{kanungo2002efficient,
  title={An efficient k-means clustering algorithm: Analysis and implementation},
  author={Kanungo, Tapas and Mount, David M and Netanyahu, Nathan S and Piatko, Christine D and Silverman, Ruth and Wu, Angela Y},
  journal={IEEE transactions on pattern analysis and machine intelligence},
  volume={24},
  number={7},
  pages={881--892},
  year={2002},
  publisher={IEEE}
}

@misc{dbscikit,
  title = {Scikit Learn},
  howpublished = {\url{http://scikit-learn.org/stable/modules/generated/sklearn.cluster.DBSCAN.html}},
  note = {Accessed: 2017-08-30}
}

@inproceedings{nazeer2009improving,
  title={Improving the Accuracy and Efficiency of the k-means Clustering Algorithm},
  author={Nazeer, KA Abdul and Sebastian, MP},
  booktitle={Proceedings of the World congress on Engineering},
  volume={1},
  pages={1--3},
  year={2009}
}